<record><leader>00000cas a22000007a 4500</leader><controlfield tag="001">28571017</controlfield><controlfield tag="008">930805d19111964scuwr ne      0    0eng d</controlfield><datafield ind1=" " ind2=" " tag="010"><subfield code="a">sn 93067888 </subfield></datafield><datafield ind1=" " ind2=" " tag="040"><subfield code="a">SVN</subfield><subfield code="b">eng</subfield><subfield code="c">SVN</subfield><subfield code="d">OCLCQ</subfield></datafield><datafield ind1=" " ind2=" " tag="042"><subfield code="a">msc</subfield></datafield><datafield ind1="0" ind2=" " tag="130"><subfield code="a">Fountain Inn tribune (Fountain Inn, S.C.)</subfield></datafield><datafield ind1="1" ind2="0" tag="245"><subfield code="a">Fountain Inn tribune.</subfield></datafield><datafield ind1=" " ind2=" " tag="260"><subfield code="a">Fountain Inn, S.C. :</subfield><subfield code="b">Ford Todd Cox and Robert Quillen</subfield></datafield><datafield ind1=" " ind2=" " tag="300"><subfield code="a">v.</subfield></datafield><datafield ind1=" " ind2=" " tag="310"><subfield code="a">Weekly</subfield></datafield><datafield ind1="0" ind2=" " tag="362"><subfield code="a">Vol. 2, no. 29 (Feb. 9, 1911)-</subfield></datafield><datafield ind1="1" ind2=" " tag="362"><subfield code="a">Ceased in 1964?</subfield></datafield><datafield ind1=" " ind2="4" tag="651"><subfield code="a">Greenville County (S.C.)</subfield><subfield code="v">Newspapers.</subfield></datafield><datafield ind1=" " ind2=" " tag="752"><subfield code="a">United States</subfield><subfield code="b">South Carolina</subfield><subfield code="c">Greenville</subfield><subfield code="d">Fountain Inn.</subfield></datafield><datafield ind1="0" ind2="0" tag="780"><subfield code="t">News and notions</subfield><subfield code="w">(DLC)sn 93067721</subfield></datafield><datafield ind1="0" ind2="7" tag="785"><subfield code="t">Simpsonville times</subfield></datafield><datafield ind1="0" ind2="7" tag="785"><subfield code="t">Tribune-times (Fountain Inn, S.C.)</subfield><subfield code="w">(DLC)sn 84007781</subfield></datafield><datafield ind1="1" ind2=" " tag="029"><subfield code="a">AU@</subfield><subfield code="b">000025895163</subfield></datafield></record>